
% Quellen Doku https://de.wikibooks.org/wiki/LaTeX-Kompendium:_Zitieren_mit_BibTeX

@misc{ergonlogo,
    title = {Logo der Ergon Informatik AG},
    author = {Ergon Informatik AG},
    urldate = {2023-11-09},
    url = {https://www.ergon.ch/dam/jcr:c42b10d3-a5c7-4ada-b8e5-ccc94f802da3/ergon-logo.png},
}